@article{cumtb1909,
  title={Past, present, and future of CMUTB: Toward World-class Energy Technology University},
  author={Young, Briquettes and Mid-age, Briquettes and Senior, Briquettes and Passed-away, Briquettes},
  journal={IEEE Transactions on Mining Universities},
  volume={66},
  number={6},
  pages={1909--2021},
  year={2016},
  publisher={IEEE}
}